@INPROCEEDINGS{lin2014:fvqa,
	author={J. Y. Lin and T. J. Liu and E. C. H. Wu and C. C. J. Kuo},
	booktitle={Signal and Information Processing Association Annual Summit and Conference (APSIPA), 2014 Asia-Pacific},
	title={A fusion-based video quality assessment (fvqa) index},
	year={2014},
	pages={1-5},
	doi={10.1109/APSIPA.2014.7041705},
	month={Dec}}

@INPROCEEDINGS{lin2015:multipass,
	author={Y. C. Lin and H. Denman and A. Kokaram},
	booktitle={2015 IEEE International Conference on Image Processing (ICIP)},
	title={Multipass encoding for reducing pulsing artifacts in cloud based video transcoding},
	year={2015},
	pages={907-911},
	doi={10.1109/ICIP.2015.7350931},
	month={Sept}}


@article{rec1998p,
	title={P. 910},
	author={REC, ITUT},
	journal={Subjective video quality assessment methods for multimedia applications},
	year={1998}
}

@misc{web:harmonic, title={Free 4K Demo Footage - Ultra HD Demo Footage}, url={https://www.harmonicinc.com/4k-demo-footage-download/}, journal={Harmonic}, year={2017}, month={Jun}} 

@misc{web:bbb, title={Bick Buck Bunny Distribution}, url={http://distribution.bbb3d.renderfarming.net/video/png}, journal={Bick Buck Bunny Distribution}, publisher={Blender Foundation}} 

@misc{web:cablelabs, title={4K VIDEO}, url={http://4k.cablelabs.com/}, journal={CableLabs 4K Videos | Main}}
